@misc{https://doi.org/10.22033/ESGF/CMIP6.1869,
      url = {https://doi.org/10.22033/ESGF/CMIP6.1869},
      title = {DWD MPI-ESM1.2-HR model output prepared for CMIP6 ScenarioMIP},
      publisher = {Earth System Grid Federation},
      year = {2019},
      author = {Steger, Christian and Schupfner, Martin and Wieners, Karl-Hermann and Wachsmann, Fabian and Bittner, Matthias and Jungclaus, Johann and Fr\"{u}h, Barbara and Pankatz, Klaus and Giorgetta, Marco and Reick, Christian and Legutke, Stephanie and Esch, Monika and Gayler, Veronika and Haak, Helmuth and de Vrese, Philipp and Raddatz, Thomas and Mauritsen, Thorsten and von Storch, Jin-Song and Behrens, J\"{o}rg and Brovkin, Victor and Claussen, Martin and Crueger, Traute and Fast, Irina and Fiedler, Stephanie and Hagemann, Stefan and Hohenegger, Cathy and Jahns, Thomas and Kloster, Silvia and Kinne, Stefan and Lasslop, Gitta and Kornblueh, Luis and Marotzke, Jochem and Matei, Daniela and Meraner, Katharina and Mikolajewicz, Uwe and Modali, Kameswarrao and M\"{u}ller, Wolfgang and Nabel, Julia and Notz, Dirk and Peters, Karsten and Pincus, Robert and Pohlmann, Holger and Pongratz, Julia and Rast, Sebastian and Schmidt, Hauke and Schnur, Reiner and Schulzweida, Uwe and Six, Katharina and Stevens, Bjorn and Voigt, Aiko and Roeckner, Erich},
      doi = {10.22033/ESGF/CMIP6.1869}
}@misc{https://doi.org/10.22033/ESGF/CMIP6.638,
      url = {https://doi.org/10.22033/ESGF/CMIP6.638},
      title = {MRI MRI-ESM2.0 model output prepared for CMIP6 ScenarioMIP},
      publisher = {Earth System Grid Federation},
      year = {2019},
      author = {Yukimoto, Seiji and Koshiro, Tsuyoshi and Kawai, Hideaki and Oshima, Naga and Yoshida, Kohei and Urakawa, Shogo and Tsujino, Hiroyuki and Deushi, Makoto and Tanaka, Taichu and Hosaka, Masahiro and Yoshimura, Hiromasa and Shindo, Eiki and Mizuta, Ryo and Ishii, Masayoshi and Obata, Atsushi and Adachi, Yukimasa},
      doi = {10.22033/ESGF/CMIP6.638}
}@misc{https://doi.org/10.22033/ESGF/CMIP6.608,
      url = {https://doi.org/10.22033/ESGF/CMIP6.608},
      title = {NCC NorESM2-MM model output prepared for CMIP6 ScenarioMIP},
      publisher = {Earth System Grid Federation},
      year = {2019},
      author = {Bentsen, Mats and Olivi\`{e}, Dirk Jan Leo and Seland, ?yvind and Toniazzo, Thomas and Gjermundsen, Ada and Graff, Lise Seland and Debernard, Jens Boldingh and Gupta, Alok Kumar and He, Yanchun and Kirkev\r{a}g, Alf and Schwinger, J\"{o}rg and Tjiputra, Jerry and Aas, Kjetil Schanke and Bethke, Ingo and Fan, Yuanchao and Griesfeller, Jan and Grini, Alf and Guo, Chuncheng and Ilicak, Mehmet and Karset, Inger Helene Hafsahl and Landgren, Oskar Andreas and Liakka, Johan and Moseid, Kine Onsum and Nummelin, Aleksi and Spensberger, Clemens and Tang, Hui and Zhang, Zhongshi and Heinze, Christoph and Iversen, Trond and Schulz, Michael},
      doi = {10.22033/ESGF/CMIP6.608}
}@misc{https://doi.org/10.22033/ESGF/CMIP6.9688,
      url = {https://doi.org/10.22033/ESGF/CMIP6.9688},
      title = {AS-RCEC TaiESM1.0 model output prepared for CMIP6 ScenarioMIP},
      publisher = {Earth System Grid Federation},
      year = {2020},
      author = {Lee, Wei-Liang and Liang, Hsin-Chien},
      doi = {10.22033/ESGF/CMIP6.9688}
}@misc{https://doi.org/10.22033/ESGF/CMIP6.251,
      url = {https://doi.org/10.22033/ESGF/CMIP6.251},
      title = {EC-Earth-Consortium EC-Earth3 model output prepared for CMIP6 ScenarioMIP},
      publisher = {Earth System Grid Federation},
      year = {2019},
      author = {EC-Earth Consortium (EC-Earth)},
      doi = {10.22033/ESGF/CMIP6.251}
}@misc{https://doi.org/10.22033/ESGF/CMIP6.1365,
      url = {https://doi.org/10.22033/ESGF/CMIP6.1365},
      title = {CMCC CMCC-CM2-SR5 model output prepared for CMIP6 ScenarioMIP},
      publisher = {Earth System Grid Federation},
      year = {2020},
      author = {Lovato, Tomas and Peano, Daniele},
      doi = {10.22033/ESGF/CMIP6.1365}
}@misc{https://doi.org/10.22033/ESGF/CMIP6.10026,
      url = {https://doi.org/10.22033/ESGF/CMIP6.10026},
      title = {NCAR CESM2-WACCM model output prepared for CMIP6 ScenarioMIP},
      publisher = {Earth System Grid Federation},
      year = {2019},
      author = {Danabasoglu, Gokhan},
      doi = {10.22033/ESGF/CMIP6.10026}
}@misc{https://doi.org/10.22033/ESGF/CMIP6.1732,
      url = {https://doi.org/10.22033/ESGF/CMIP6.1732},
      title = {BCC BCC-CSM2MR model output prepared for CMIP6 ScenarioMIP},
      publisher = {Earth System Grid Federation},
      year = {2019},
      author = {Xin, Xiaoge and Wu, Tongwen and Shi, Xueli and Zhang, Fang and Li, Jianglong and Chu, Min and Liu, Qianxia and Yan, Jinghui and Ma, Qiang and Wei, Min},
      doi = {10.22033/ESGF/CMIP6.1732}
}@misc{https://doi.org/10.22033/ESGF/CMIP6.11004,
      url = {https://doi.org/10.22033/ESGF/CMIP6.11004},
      title = {CAMS CAMS-CSM1.0 model output prepared for CMIP6 ScenarioMIP},
      publisher = {Earth System Grid Federation},
      year = {2019},
      author = {Rong, Xinyao},
      doi = {10.22033/ESGF/CMIP6.11004}
}@misc{https://doi.org/10.22033/ESGF/CMIP6.2201,
      url = {https://doi.org/10.22033/ESGF/CMIP6.2201},
      title = {NCAR CESM2 model output prepared for CMIP6 ScenarioMIP},
      publisher = {Earth System Grid Federation},
      year = {2019},
      author = {Danabasoglu, Gokhan},
      doi = {10.22033/ESGF/CMIP6.2201}
}@misc{https://doi.org/10.22033/ESGF/CMIP6.727,
      url = {https://doi.org/10.22033/ESGF/CMIP6.727},
      title = {EC-Earth-Consortium EC-Earth3-Veg model output prepared for CMIP6 ScenarioMIP},
      publisher = {Earth System Grid Federation},
      year = {2019},
      author = {EC-Earth Consortium (EC-Earth)},
      doi = {10.22033/ESGF/CMIP6.727}
}@misc{https://doi.org/10.22033/ESGF/CMIP6.2046,
      url = {https://doi.org/10.22033/ESGF/CMIP6.2046},
      title = {CAS FGOALS-f3-L model output prepared for CMIP6 ScenarioMIP},
      publisher = {Earth System Grid Federation},
      year = {2019},
      author = {YU, Yongqiang},
      doi = {10.22033/ESGF/CMIP6.2046}
}@misc{https://doi.org/10.22033/ESGF/CMIP6.1414,
      url = {https://doi.org/10.22033/ESGF/CMIP6.1414},
      title = {NOAA-GFDL GFDL-ESM4 model output prepared for CMIP6 ScenarioMIP},
      publisher = {Earth System Grid Federation},
      year = {2018},
      author = {John, Jasmin G and Blanton, Chris and McHugh, Colleen and Radhakrishnan, Aparna and Rand, Kristopher and Vahlenkamp, Hans and Wilson, Chandin and Zadeh, Niki T. and Dunne, John P. and Dussin, Raphael and Horowitz, Larry W. and Krasting, John P. and Lin, Pu and Malyshev, Sergey and Naik, Vaishali and Ploshay, Jeffrey and Shevliakova, Elena and Silvers, Levi and Stock, Charles and Winton, Michael and Zeng, Yujin},
      doi = {10.22033/ESGF/CMIP6.1414}
}@misc{https://doi.org/10.22033/ESGF/CMIP6.12321,
      url = {https://doi.org/10.22033/ESGF/CMIP6.12321},
      title = {INM INM-CM4-8 model output prepared for CMIP6 ScenarioMIP},
      publisher = {Earth System Grid Federation},
      year = {2019},
      author = {Volodin, Evgeny and Mortikov, Evgeny and Gritsun, Andrey and Lykossov, Vasily and Galin, Vener and Diansky, Nikolay and Gusev, Anatoly and Kostrykin, Sergey and Iakovlev, Nikolay and Shestakova, Anna and Emelina, Svetlana},
      doi = {10.22033/ESGF/CMIP6.12321}
}@misc{https://doi.org/10.22033/ESGF/CMIP6.2450,
      url = {https://doi.org/10.22033/ESGF/CMIP6.2450},
      title = {DKRZ MPI-ESM1.2-HR model output prepared for CMIP6 ScenarioMIP},
      publisher = {Earth System Grid Federation},
      year = {2019},
      author = {Schupfner, Martin and Wieners, Karl-Hermann and Wachsmann, Fabian and Steger, Christian and Bittner, Matthias and Jungclaus, Johann and Fr\"{u}h, Barbara and Pankatz, Klaus and Giorgetta, Marco and Reick, Christian and Legutke, Stephanie and Esch, Monika and Gayler, Veronika and Haak, Helmuth and de Vrese, Philipp and Raddatz, Thomas and Mauritsen, Thorsten and von Storch, Jin-Song and Behrens, J\"{o}rg and Brovkin, Victor and Claussen, Martin and Crueger, Traute and Fast, Irina and Fiedler, Stephanie and Hagemann, Stefan and Hohenegger, Cathy and Jahns, Thomas and Kloster, Silvia and Kinne, Stefan and Lasslop, Gitta and Kornblueh, Luis and Marotzke, Jochem and Matei, Daniela and Meraner, Katharina and Mikolajewicz, Uwe and Modali, Kameswarrao and M\"{u}ller, Wolfgang and Nabel, Julia and Notz, Dirk and Peters, Karsten and Pincus, Robert and Pohlmann, Holger and Pongratz, Julia and Rast, Sebastian and Schmidt, Hauke and Schnur, Reiner and Schulzweida, Uwe and Six, Katharina and Stevens, Bjorn and Voigt, Aiko and Roeckner, Erich},
      doi = {10.22033/ESGF/CMIP6.2450}
}