% This file was created with JabRef 2.5.
% Encoding: ISO8859_1

@UNPUBLISHED{ams-09Aag,
  author = {{American Meteorological Society}},
  title = {Author Reference and Citation Guide},
  year = {cited 2009},
  url = {http://www.ametsoc.org/PUBS/journals/author_reference_guide.pdf}
}

@ARTICLE{arak69Aag,
  author = {Arakawa, S.},
  title = {Climatological and dynamical studies on the local strong winds, mainly
	in {H}okkaid\=o, {J}apan},
  journal = {Geophys. Mag.},
  year = {1969},
  volume = {34},
  pages = {359--425},
  keywords = {hydraulic theory, shallow water, gap flow, gap winds, lateral contraction,
	vertical contraction}
}

@ARTICLE{dorm95Aag,
  author = {Dorman, Clive E. and Beardsley, Robert C. and Limeburner, Richard},
  title = {Winds in the {S}trait of {G}ibraltar},
  journal = {Quart. J. Roy. Meteor. Soc.},
  year = {1995},
  volume = {121},
  pages = {1903--1921},
  keywords = {gap flow, gap wind, Gibraltar, Levanter wind, Mesoscale winds, orographic
	blocking, supercritical flow, reduced-gravity shallow-water dynamics}
}

@PHDTHESIS{gohm03Aag,
  author = {Gohm, Alexander},
  title = {Contributions to the Dynamics of South Foehn: A Gap Flow Study During
	the {M}esoscale {A}lpine {P}rogramme},
  school = {University of Innsbruck},
  year = {2003},
  type = {Dissertation},
  note = {111 pp.},
  keywords = {gap flow, gap winds, foehn, Mesoscale Alpine Programme, MAP, Wipp
	Valley, Brenner Pass, numerical simulation, shallow water model,
	SWM, hydraulic model, mesoscale model, MM5, verification, dynamics
	of downslope windstorm}
}

@CONFERENCE{gohm06Aag,
  author = {Gohm, A. and Harnisch, F. and Fix, A.},
  title = {Boundary Layer Structure in the {I}nn {V}alley during high air pollution
	{(INNAP)}},
  booktitle = {Extended Abstract, 12th Conference on Mountain Meteorology},
  year = {2006},
  address = {Santa Fe, NM},
  organization = {Amer. Meteor. Soc.},
  url = {http://ams.confex.com/ams/pdfpapers/114458.pdf}
}

@ARTICLE{hann66Aag,
  author = {Hann, Julius},
  title = {Zur {F}rage \"uber den {U}rsprung des {F}\"ohn},
  journal = {Z. \"Osterr. Ges. Meteor.},
  year = {1866},
  volume = {1},
  pages = {257--263},
  number = {17},
  abstract = {thermodynamic foehn theory},
  keywords = {foehn, foehn theory, thermodynamic foehn theory}
}

@TECHREPORT{hoin90Aag,
  author = {Hoinka, Klaus P.},
  title = {Untersuchung der alpinen {G}ebirgs\"uberstr\"omung bei {S}\"udf\"ohn},
  institution = {DLR Oberpfaffenhofen, Germany},
  year = {1990},
  type = {{DLR}-{F}orschungsbericht 90-30, 186 pp.},
  keywords = {foehn flow across Alps, airborne observations, aircraft measurements,
	numerical simulations of foehn, pressure drag, mountain drag}
}

@ARTICLE{hoin85Aag,
  author = {Hoinka, Klaus P.},
  title = {Observation of the airflow over the {A}lps during a foehn event},
  journal = {Quart. J. Roy. Meteor. Soc.},
  year = {1985},
  volume = {111},
  pages = {199--224},
  keywords = {airborne measurements, foehn, DLR, airflow across Alps}
}

@ARTICLE{jack94Aag,
  author = {Jackson, Peter L. and Steyn, D. G.},
  title = {Gap Winds in a Fjord. {Part I}: Observations and Numerical Simulation},
  journal = {Mon. Wea. Rev.},
  year = {1994},
  volume = {122},
  pages = {2645--2665},
  keywords = {gap wind, gap flow, numerical model, RAMS, Howe Sound, British Columbia,
	hydraulic theory, Froude number, mesonet, channel flow}
}

@ARTICLE{jack94Bag,
  author = {Jackson, Peter L. and Steyn, D. G.},
  title = {Gap Winds in a Fjord. {Part II}: Hydraulic Analog},
  journal = {Mon. Wea. Rev.},
  year = {1994},
  volume = {122},
  pages = {2666--2676},
  keywords = {gap wind, gap flow, hydraulic model, hydraulic theory, Howe Sound,
	British Columbia, shallow-water model, channel flow, hydmod model}
}

@BOOK{kopk99Aag,
  title = {A Guide to {LATEX}},
  publisher = {Addison-Wesley},
  year = {1999},
  author = {Kopka, H. and Daly, P. W.},
  pages = {600},
  edition = {3}
}

@BOOK{oeti08Aag,
  title = {The Not So Short Introduction to LATEX 2$\epsilon$},
  publisher = {CTAN},
  year = {2008},
  author = {Oetiker, T. and Partl, H. and Hyna, I. and Schlegl, E.},
  url = {http://www.ctan.org/pub/tex-archive/info/lshort/english/lshort.pdf}
}

@ARTICLE{pan-99Aag,
  author = {Pan, Feifei and Smith, Ronald B.},
  title = {Gap winds and wakes: {SAR} Observations and numerical simulations},
  journal = {J. Atmos. Sci.},
  year = {1999},
  volume = {56},
  pages = {905--923},
  keywords = {gap winds, gap flow, wakes, shallow water, hydraulic theory, SAR,
	Unimak Island, Aleutian Chain, shallow-water model, SWM}
}

@ARTICLE{pett82Aag,
  author = {Pettre, Paul},
  title = {On the problem of violent valley winds},
  journal = {J. Atmos. Sci.},
  year = {1982},
  volume = {39},
  pages = {542--554},
  keywords = {gap flow, gap wind, Mistral, violent winds, Rhone Valley, hydraulic
	theory, shallow-water flow, hydraulic jump}
}

@BOOK{russ06Aag,
  title = {How to Write a Successful Science Thesis: The Concise Guide for Students},
  publisher = {Wiley-VHC},
  year = {2006},
  author = {Russey, W. E. and Ebel, H. F. and Bliefert, C.},
  pages = {223}
}

@ARTICLE{scha93Aag,
  author = {Sch\"ar, Christoph and Smith, Ronald B.},
  title = {Shallow-Water Flow past Isolated Topography. {Part I}: Vorticity
	Production and Wake Formation},
  journal = {J. Atmos. Sci.},
  year = {1993},
  volume = {50},
  pages = {373--1400},
  keywords = {shallow water, isolated topography, vorticity production, wake, potential
	vorticity, vorticity flux, shallow-water model, SWM Bernoulli function}
}

@ARTICLE{scha93Bag,
  author = {Sch\"ar, Christoph and Smith, Ronald B.},
  title = {Shallow-Water Flow past Isolated Topography. {Part II}: Transition
	to Vortex Shedding},
  journal = {J. Atmos. Sci.},
  year = {1993},
  volume = {50},
  pages = {1401--1412},
  keywords = {shallow water, isolated topography, vortex shedding, wake, Karman,
	vortex street, shallow-water model, SWM}
}

@ARTICLE{scor52Aag,
  author = {Scorer, R. S.},
  title = {Mountain-gap winds; a study of surface wind at {G}ibraltar},
  journal = {Quart. J. Roy. Meteor. Soc.},
  year = {1952},
  volume = {78},
  pages = {53--61},
  keywords = {gap winds, gap flows, cold pool, Gibraltar, mountain-gap wind}
}

